@misc{viewpoints,
	author = {Nick Rozanki and Eoin Woods},
	title = {Viewpoints},
	howpublished = {\url{https://www.viewpoints-and-perspectives.info/home/viewpoints/}},
}

@misc{userfrosting,
	title = {Modern user management framework for PHP},
	howpublished = {\url{https://www.userfrosting.com/}},
}
@misc{huge,
	author = {panique and others},
	title = {HUGE},
	month = 4,
	year = 2017,
	howpublished = {\url{https://github.com/panique/huge/}},
}
@misc{bestpractical,
	author = {Best Practical},
	title = {Request Tracker},
	howpublished = {\url{https://bestpractical.com/request-tracker/}},
}
@misc{notifications,
	author = {M. Grech},
	title = {Twilio vs. Nexmo: The Head to Head Showdown for Developers},
	month = 1,
	year = 2017,
	howpublished = {\url{https://getvoip.com/blog/2017/01/05/twilio-vs-nexmo/}},
}

@misc{mysql,
	author = {Tony Branson},
	title = {8 Major Advantages of Using MySQL},
	month = 11,
	year = 2016,
	howpublished = {\url{https://www.datamation.com/storage/8-major-advantages-of-using-mysql.html}},
}

@misc{sqlserver,
	author = {Galen Farrar},
	title = {MICROSOFT SQL SERVER: ADVANTAGES AND CHALLENGES FROM THE VIRTUALIZATION ADMIN’S VIEW},
	month = 8,
	year = 2016,
	howpublished = {\url{https://turbonomic.com/blog/microsoft-sql-server-advantages-challenges-virtualization-admins-view/}},
}

@misc{sqlite,
	author = {O.S. Tezer},
	title = {SQLite vs MySQL vs PostgreSQL: A Comparison Of Relational Database Management Systems},
	month = 2,
	year = 2014,
	howpublished = {\url{https://www.digitalocean.com/community/tutorials/sqlite-vs-mysql-vs-postgresql-a-comparison-of-relational-database-management-systems}},
}

@misc{ubuntu,
	author = {Kenneth Hess},
	title = {Ubuntu Server: The Linux Server Operating Systems Dark Horse},
	month = 3,
	year = 2010,
	howpublished = {\url{https://www.serverwatch.com/trends/article.php/3870141/Ubuntu-Server-The-Linux-Server-Operating-Systems-Dark-Horse.htm}},
}

@misc{windows,
	author = {Oliver Rist},
	title = {Windows Server Top 5 Benefits for Today’s Workforce},
	month = 2,
	year = 2010,
	howpublished = {\url{https://blogs.technet.microsoft.com/windowsserverexperts/2010/02/08/windows-server-top-5-benefits-for-todays-workforce/}},
}

@misc{solaris,
	author = {Kenneth Milberg},
	title = {When to use Solaris vs. Linux: Operating system comparison},
	month = 12,
	year = 2008,
	howpublished = {\url{http://searchdatacenter.techtarget.com/tip/When-to-use-Solaris-vs-Linux-Operating-system-comparison}},
}

@misc{apache,
	author = {Denise Sullivan},
	title = {Advantages of Apache Web Server},
	howpublished = {\url{https://www.techwalla.com/articles/advantages-of-apache-web-server}},
}

@misc{cherokee,
	author = {Alvaro Lopez Ortega},
	title = {Cherokee Basics},
	howpublished = {\url{http://cherokee-project.com/doc/basics_why_cherokee.html}},
}

@misc{nginx,
	author = {Alexandra Leslie},
	title = {NGINX vs. Apache (Pro/Con Review, Uses, \& Hosting for Each)},
	month = 7,
	year = 2017,
	howpublished = {\url{http://www.hostingadvice.com/how-to/nginx-vs-apache/}},
}

@misc{cdn,
	title = {What is a CDN?},
	howpublished = {\url{https://www.cloudflare.com/learning/cdn/what-is-a-cdn/}},
}

@misc{cloudflare,
	title = {Fast, Global Content Delivery Network},
	howpublished = {\url{https://www.cloudflare.com/cdn/}},
}

@misc{amazoncloudfront,
	title = {Amazon CloudFront},
	howpublished = {\url{https://aws.amazon.com/cloudfront/}},
}

@misc{akamaicdn,
	title = {CDN Services},
	howpublished = {\url{https://www.akamai.com/us/en/resources/cdn-services.jsp}},
}

@misc{webdevframework,
	author = {Margaret Rouse},
	title = {web development framework (WDF)},
	howpublished = {\url{http://searchcontentmanagement.techtarget.com/definition/web-development-framework-WDF}},
}

@misc{framework,
	author = {Carey Wodehouse},
	title = {What Is a Framework?},
	howpublished = {\url{https://www.upwork.com/hiring/development/understanding-software-frameworks/}},
}

@misc{angular,
	title = {AngularJS - Overview},
	howpublished = {\url{https://www.tutorialspoint.com/angularjs/angularjs_overview.htm}},
}
@misc{angularjs,
	title = {AngularJS},
	howpublished = {\url{https://angularjs.org/}},
}

@misc{asp,
	author = {Aiesha Hasan},
	title = {Top 12 Main Advantages of ASP.NET Framework},
	month = 3,
	year = 2017,
	howpublished = {\url{http://www.arpatech.com/blog/top-advantages-of-asp-net-framework/}},
}

@misc{asp.net,
	title = {ASP.NET - Introduction},
	howpublished = {\url{https://www.tutorialspoint.com/asp.net/asp.net_introduction.htm}},
}

@misc{react,
	title = {React},
	howpublished = {\url{https://www.tutorialspoint.com/reactjs/reactjs_overview.htm}},
}

@misc{mvc,
	author = {Jithin},
	title = {What is MVC? Advantages and Disadvantages of MV},
	month = 10,
	year = 2016,
	howpublished = {\url{https://www.interserver.net/tips/kb/mvc-advantages-disadvantages-mvc/}},
}

@misc{mvp,
	author = {Todd Snyder},
	title = {MVC or MVP Pattern – Whats the difference?},
	month = 10,
	year = 2007,
	howpublished = {\url{https://www.infragistics.com/community/blogs/todd_snyder/archive/2007/10/17/mvc-or-mvp-pattern-whats-the-difference.aspx}},
}

@misc{mvvm,
	author = {Bart Jacobs},
	title = {What Are the Benefits of Model-View-ViewModel},
	month = 11,
	year = 2016,
	howpublished = {\url{https://cocoacasts.com/what-are-the-benefits-of-model-view-viewmodel/}},
}





