@misc{mysql,
	author = {Tony Branson},
	title = {8 Major Advantages of Using MySQL},
	month = 11,
	year = 2016,
	howpublished = {\url{https://www.datamation.com/storage/8-major-advantages-of-using-mysql.html}},
}

@misc{sqlserver,
	author = {Galen Farrar},
	title = {MICROSOFT SQL SERVER: ADVANTAGES AND CHALLENGES FROM THE VIRTUALIZATION ADMIN’S VIEW},
	month = 8,
	year = 2016,
	howpublished = {\url{https://turbonomic.com/blog/microsoft-sql-server-advantages-challenges-virtualization-admins-view/}},
}

@misc{sqlite,
	author = {O.S. Tezer},
	title = {SQLite vs MySQL vs PostgreSQL: A Comparison Of Relational Database Management Systems},
	month = 2,
	year = 2014,
	howpublished = {\url{https://www.digitalocean.com/community/tutorials/sqlite-vs-mysql-vs-postgresql-a-comparison-of-relational-database-management-systems}},
}

@misc{ubuntu,
	author = {Kenneth Hess},
	title = {Ubuntu Server: The Linux Server Operating Systems Dark Horse},
	month = 3,
	year = 2010,
	howpublished = {\url{https://www.serverwatch.com/trends/article.php/3870141/Ubuntu-Server-The-Linux-Server-Operating-Systems-Dark-Horse.htm}},
}

@misc{windows,
	author = {Oliver Rist},
	title = {Windows Server Top 5 Benefits for Today’s Workforce},
	month = 2,
	year = 2010,
	howpublished = {\url{https://blogs.technet.microsoft.com/windowsserverexperts/2010/02/08/windows-server-top-5-benefits-for-todays-workforce/}},
}

@misc{solaris,
	author = {Kenneth Milberg},
	title = {When to use Solaris vs. Linux: Operating system comparison},
	month = 12,
	year = 2008,
	howpublished = {\url{http://searchdatacenter.techtarget.com/tip/When-to-use-Solaris-vs-Linux-Operating-system-comparison}},
}

@misc{apache,
	author = {Denise Sullivan},
	title = {Advantages of Apache Web Server},
	howpublished = {\url{https://www.techwalla.com/articles/advantages-of-apache-web-server}},
}

@misc{cherokee,
	author = {Alvaro Lopez Ortega},
	title = {Cherokee Basics},
	howpublished = {\url{http://cherokee-project.com/doc/basics_why_cherokee.html}},
}

@misc{nginx,
	author = {Alexandra Leslie},
	title = {NGINX vs. Apache (Pro/Con Review, Uses, \& Hosting for Each)},
	month = 7,
	year = 2017,
	howpublished = {\url{http://www.hostingadvice.com/how-to/nginx-vs-apache/}},
}
