@misc{mysql,
	author = {Tony Branson},
	title = {8 Major Advantages of Using MySQL},
	month = 11,
	year = 2016,
	howpublished = {\url{https://www.datamation.com/storage/8-major-advantages-of-using-mysql.html}},
}


@misc{ubuntu,
	author = {Kenneth Hess},
	title = {Ubuntu Server: The Linux Server Operating Systems Dark Horse},
	month = 3,
	year = 2010,
	howpublished = {\url{https://www.serverwatch.com/trends/article.php/3870141/Ubuntu-Server-The-Linux-Server-Operating-Systems-Dark-Horse.htm}},
}


@misc{apache,
	author = {Denise Sullivan},
	title = {Advantages of Apache Web Server},
	howpublished = {\url{https://www.techwalla.com/articles/advantages-of-apache-web-server}},
}

@misc{cdn,
	title = {What is a CDN?},
	howpublished = {\url{https://www.cloudflare.com/learning/cdn/what-is-a-cdn/}},
}

@misc{cloudflare,
	title = {Fast, Global Content Delivery Network},
	howpublished = {\url{https://www.cloudflare.com/cdn/}},
}

@misc{webdevframework,
	author = {Margaret Rouse},
	title = {web development framework (WDF)},
	howpublished = {\url{http://searchcontentmanagement.techtarget.com/definition/web-development-framework-WDF}},
}

@misc{framework,
	author = {Carey Wodehouse},
	title = {What Is a Framework?},
	howpublished = {\url{https://www.upwork.com/hiring/development/understanding-software-frameworks/}},
}

@misc{viewpoints,
	author = {Nick Rozanki and Eoin Woods},
	title = {Viewpoints},
	howpublished = {\url{https://www.viewpoints-and-perspectives.info/home/viewpoints/}},
}

@misc{angular,
	title = {AngularJS - Overview},
	howpublished = {\url{https://www.tutorialspoint.com/angularjs/angularjs_overview.htm}},
}
@misc{angularjs,
	title = {AngularJS},
	howpublished = {\url{https://angularjs.org/}},
}

@misc{mvc,
	author = {Jithin},
	title = {What is MVC? Advantages and Disadvantages of MV},
	month = 10,
	year = 2016,
	howpublished = {\url{https://www.interserver.net/tips/kb/mvc-advantages-disadvantages-mvc/}},
}
