@misc{cdn,
	title = {What is a CDN?},
	howpublished = {\url{https://www.cloudflare.com/learning/cdn/what-is-a-cdn/}},
}

@misc{cloudflare,
	title = {Fast, Global Content Delivery Network},
	howpublished = {\url{https://www.cloudflare.com/cdn/}},
}

@misc{amazoncloudfront,
	title = {Amazon CloudFront},
	howpublished = {\url{https://aws.amazon.com/cloudfront/}},
}

@misc{akamaicdn,
	title = {CDN Services},
	howpublished = {\url{https://www.akamai.com/us/en/resources/cdn-services.jsp}},
}

@misc{webdevframework,
	author = {Margaret Rouse},
	title = {web development framework (WDF)},
	howpublished = {\url{http://searchcontentmanagement.techtarget.com/definition/web-development-framework-WDF}},
}

@misc{framework,
	author = {Carey Wodehouse},
	title = {What Is a Framework?},
	howpublished = {\url{https://www.upwork.com/hiring/development/understanding-software-frameworks/}},
}

@misc{angular,
	title = {AngularJS - Overview},
	howpublished = {\url{https://www.tutorialspoint.com/angularjs/angularjs_overview.htm}},
}
@misc{angularjs,
	title = {AngularJS},
	howpublished = {\url{https://angularjs.org/}},
}

@misc{asp,
	author = {Aiesha Hasan},
	title = {Top 12 Main Advantages of ASP.NET Framework},
	month = 3,
	year = 2017,
	howpublished = {\url{http://www.arpatech.com/blog/top-advantages-of-asp-net-framework/}},
}

@misc{asp.net,
	title = {ASP.NET - Introduction},
	howpublished = {\url{https://www.tutorialspoint.com/asp.net/asp.net_introduction.htm}},
}

@misc{react,
	title = {React},
	howpublished = {\url{https://www.tutorialspoint.com/reactjs/reactjs_overview.htm}},
}

@misc{mvc,
	author = {Jithin},
	title = {What is MVC? Advantages and Disadvantages of MV},
	month = 10,
	year = 2016,
	howpublished = {\url{https://www.interserver.net/tips/kb/mvc-advantages-disadvantages-mvc/}},
}

@misc{mvp,
	author = {Todd Snyder},
	title = {MVC or MVP Pattern â€“ Whats the difference?},
	month = 10,
	year = 2007,
	howpublished = {\url{https://www.infragistics.com/community/blogs/todd_snyder/archive/2007/10/17/mvc-or-mvp-pattern-whats-the-difference.aspx}},
}

@misc{mvvm,
	author = {Bart Jacobs},
	title = {What Are the Benefits of Model-View-ViewModel},
	month = 11,
	year = 2016,
	howpublished = {\url{https://cocoacasts.com/what-are-the-benefits-of-model-view-viewmodel/}},
}

